@article{Leggett2009,
author = {Leggett, S. K. and Cushing, Michael C. and Saumon, D. and Marley, M. S. and Roellig, T. L. and Warren, S. J. and Burningham, Ben and Jones, H. R. A. and Kirkpatrick, J. D. and Lodieu, N. and Lucas, P. W. and Mainzer, A. K. and Mart{\'{i}}n, E. L. and McCaughrean, M. J. and Pinfield, D. J. and Sloan, G. C. and Smart, R. L. and Tamura, M. and {Van Cleve}, J.},
doi = {10.1088/0004-637X/695/2/1517},
file = {:home/franky/Link to Documents/Term 2/Extragalactic/Assessed/Observing Proposal/Related Papers/Leggett{\_}2009{\_}ApJ{\_}695{\_}1517.pdf:pdf},
issn = {0004-637X},
journal = {The Astrophysical Journal},
keywords = {005206,011401,113005,2,2448279,2mass j09393548,3,45,7,77,82,atmospheres,brown dwarfs,cfbd j005910,individual,low-mass,stars,ulas j003402,ulas j133553},
number = {2},
pages = {1517--1526},
title = {{the Physical Properties of Four âˆ¼600 K T Dwarfs}},
url = {http://stacks.iop.org/0004-637X/695/i=2/a=1517?key=crossref.86629096f77ffc1b474e3a6a74b745f4},
volume = {695},
year = {2009}
}
