@article{Tinney2014,
archivePrefix = {arXiv},
arxivId = {arXiv:1410.0746v1},
author = {Tinney, C G and Faherty, Jacqueline K and Kirkpatrick, J Davy and Cushing, Mike and Morley, Caroline V and Wright, Edward L},
doi = {10.1088/0004-637X/796/1/39},
eprint = {arXiv:1410.0746v1},
file = {:home/franky/Desktop/Link to Term 2/Extragalactic/Assessed/Observing Proposal/Related Papers/1410.0746.pdf:pdf},
issn = {1538-4357},
journal = {The Astrophysical Journal},
keywords = {brown dwarfs,color figures,distances,online-only material,parallaxes,planetary systems,stars},
number = {1},
pages = {39},
title = {{the Luminosities of the Coldest Brown Dwarfs}},
url = {http://stacks.iop.org/0004-637X/796/i=1/a=39?key=crossref.bfa51b71ced38179214778aad7db3847},
volume = {796},
year = {2014}
}
